@Book{buch,
	author = {Max Mustermann},
	title = {Ich bin ein Buch},
	publisher = {Verlag},
	year = {2013}
}

@Book{DEBE,
	author = {Max Mustermann},
	title = {Ich bin ein Buch},
	publisher = {Verlag},
	year = {2013}
}

@ONLINE{online,
	author = {Daniel Brettschneider},
	title = {Daniel Brettschneiders Blog},
	url = {http://www.daniel-brettschneider.de},
	note = {Zugriff: 15.02.2013}
}


